
@book{Chakrabarti2014,
    title = {{An Anthology of Theories and Models of Design}},
    year = {2014},
    editor = {Chakrabarti, Amaresh and Blessing, Lucienne T. M.},
    publisher = {Springer London},
    url = {http://link.springer.com/10.1007/978-1-4471-6338-1},
    address = {London},
    isbn = {978-1-4471-6337-4},
    doi = {10.1007/978-1-4471-6338-1}
}


@misc{Skoltech2017,
    title = {{CEDESK - Concurrent Engineering Data Exchange Skoltech}},
    year = {2017},
    author = {{Skoltech}},
    url = {https://cedesk.github.io/}
}

@misc{ObjectManagementGroup2015,
	author = {{Object Management Group}},
	keywords = {OMG SysML,SysML,SysUML,model based system design,model based system engineering,systems modeling language},
	title = {{OMG Systems Modeling Language (SysML) 1.4}},
	url = {https://www.omg.org/spec/SysML/1.4/},
	urldate = {2016-03-14},
	year = {2015}
}
